<record><leader>00000cas a2200000 a 4500</leader><controlfield tag="001">9654529</controlfield><controlfield tag="008">830629d181118uunyuwr ne      0    0eng c</controlfield><datafield ind1=" " ind2=" " tag="010"><subfield code="a">sn 83030748 </subfield></datafield><datafield ind1=" " ind2=" " tag="040"><subfield code="a">NPU</subfield><subfield code="b">eng</subfield><subfield code="c">NPU</subfield><subfield code="d">NPY</subfield><subfield code="d">NPX</subfield><subfield code="d">NPV</subfield><subfield code="d">DLC</subfield><subfield code="d">NYG</subfield><subfield code="d">DLC</subfield><subfield code="d">OCL</subfield><subfield code="d">NYS</subfield><subfield code="d">CNK</subfield><subfield code="d">NYS</subfield><subfield code="d">OCL</subfield><subfield code="d">NYS</subfield><subfield code="d">OCLCQ</subfield><subfield code="d">KRTAS</subfield><subfield code="d">OCLCQ</subfield><subfield code="d">OCLCF</subfield><subfield code="d">OCLCO</subfield><subfield code="d">AQM</subfield></datafield><datafield ind1=" " ind2=" " tag="012"><subfield code="b">3</subfield></datafield><datafield ind1=" " ind2=" " tag="019"><subfield code="a">16133186</subfield></datafield><datafield ind1="1" ind2=" " tag="029"><subfield code="a">AU@</subfield><subfield code="b">000020126978</subfield></datafield><datafield ind1=" " ind2=" " tag="042"><subfield code="a">pcc</subfield></datafield><datafield ind1=" " ind2=" " tag="043"><subfield code="a">n-us-ny</subfield></datafield><datafield ind1="0" ind2=" " tag="130"><subfield code="a">Republican advocate (Batavia, N.Y.)</subfield></datafield><datafield ind1="1" ind2="0" tag="245"><subfield code="a">Republican advocate.</subfield></datafield><datafield ind1="3" ind2="0" tag="246"><subfield code="a">Republican advocate and Genesee County Whig</subfield></datafield><datafield ind1=" " ind2=" " tag="260"><subfield code="a">Batavia, N.Y. :</subfield><subfield code="b">Benjamin Blodget [i.e. Blodgett]</subfield></datafield><datafield ind1=" " ind2=" " tag="300"><subfield code="a">v. ;</subfield><subfield code="c">53-66 cm.</subfield></datafield><datafield ind1=" " ind2=" " tag="310"><subfield code="a">Weekly</subfield></datafield><datafield ind1="1" ind2=" " tag="362"><subfield code="a">Began with Nov. 9, 1811 issue.</subfield><subfield code="z">Cf. Brigham, C. History and bibliography of American newspapers.</subfield></datafield><datafield ind1=" " ind2=" " tag="500"><subfield code="a">Published as: Republican advocate and Genesee County Whig, &lt;May 16, 1854&gt;.</subfield></datafield><datafield ind1=" " ind2=" " tag="500"><subfield code="a">"Whig," &lt;1844&gt;.</subfield></datafield><datafield ind1=" " ind2=" " tag="588"><subfield code="a">Description based on: Vol. 1, no. 2 (Nov. 16, 1811).</subfield></datafield><datafield ind1=" " ind2="0" tag="651"><subfield code="a">Batavia (N.Y.)</subfield><subfield code="v">Newspapers.</subfield></datafield><datafield ind1=" " ind2="0" tag="651"><subfield code="a">Genesee County (N.Y.)</subfield><subfield code="v">Newspapers.</subfield></datafield><datafield ind1=" " ind2="7" tag="651"><subfield code="a">New York (State)</subfield><subfield code="z">Batavia.</subfield><subfield code="2">fast</subfield><subfield code="0">(OCoLC)fst01224072</subfield></datafield><datafield ind1=" " ind2="7" tag="651"><subfield code="a">New York (State)</subfield><subfield code="z">Genesee County.</subfield><subfield code="2">fast</subfield><subfield code="0">(OCoLC)fst01222207</subfield></datafield><datafield ind1=" " ind2="7" tag="655"><subfield code="a">Newspapers.</subfield><subfield code="2">fast</subfield><subfield code="0">(OCoLC)fst01423814</subfield></datafield><datafield ind1=" " ind2="7" tag="655"><subfield code="a">Newspapers.</subfield><subfield code="2">rbgenr</subfield></datafield><datafield ind1=" " ind2=" " tag="752"><subfield code="a">United States</subfield><subfield code="b">New York</subfield><subfield code="c">Genesee</subfield><subfield code="d">Batavia.</subfield></datafield><datafield ind1="0" ind2=" " tag="775"><subfield code="t">Daily Republican advocate</subfield><subfield code="w">(DLC)sn 88075823</subfield></datafield><datafield ind1="0" ind2="5" tag="780"><subfield code="t">Warsaw sentinel</subfield><subfield code="g">1831</subfield></datafield><datafield ind1="0" ind2="5" tag="780"><subfield code="t">Genesee County Whig</subfield></datafield><datafield ind1=" " ind2=" " tag="938"><subfield code="a">Kirtas Technologies, Inc.</subfield><subfield code="b">KRTS</subfield><subfield code="n">736982</subfield></datafield></record>